<?xml version="1.0" encoding="UTF-8"?><collection xmlns="http://www.loc.gov/MARC21/slim"><record><leader>00496nam--2200181-i-4500</leader><controlfield tag="001">000005208</controlfield><controlfield tag="002">20161230</controlfield><controlfield tag="005">20161230201026</controlfield><controlfield tag="008">060222s1000------------r-----000-0-eng-d</controlfield><datafield ind1=" " ind2=" " tag="040"><subfield code="a">IFIN-HH</subfield></datafield><datafield ind1=" " ind2=" " tag="080"><subfield code="a">536</subfield></datafield><datafield ind1="1" ind2=" " tag="100"><subfield code="a">Coxon, William F</subfield></datafield><datafield ind1="1" ind2="0" tag="245"><subfield code="a">Temperature measurement and control</subfield><subfield code="c">W.f. coxon</subfield></datafield><datafield ind1=" " ind2=" " tag="260"><subfield code="a">London</subfield><subfield code="b">Heywood &amp; Company Ltd</subfield><subfield code="c">1960</subfield></datafield><datafield ind1=" " ind2=" " tag="300"><subfield code="a">X+314P</subfield></datafield><datafield ind1=" " ind2=" " tag="490"><subfield code="a">Physical Process In The Chemical Industry</subfield><subfield code="v">Vol. V</subfield></datafield><datafield ind1=" " ind2=" " tag="852"><subfield code="a">15830</subfield><subfield code="c">536</subfield></datafield><datafield ind1=" " ind2=" " tag="CAT"><subfield code="a">Sys</subfield><subfield code="c">20110503</subfield><subfield code="h">151611</subfield></datafield></record></collection>